1950 3068
853 165 878 207 9

243 303 315 348 Ad
346 304 462 347 Rubi
492 303 628 359 Idaei,
673 304 871 347 fruticosi
903 310 944 347 et
975 306 1107 348 caesii
1146 305 1247 349 folia
1277 307 1391 361 viva,
1424 307 1644 364 frequens,

244 374 476 416 Antumno.

135 444 202 486 37.
235 445 529 499 Phragmidimn
560 456 747 500 asperum
781 446 973 488 Tnlasne.

312 515 345 556 1.
378 514 524 556 Uredo
557 516 661 571 ejuS.

242 583 344 639 Syn.
378 582 521 626 Uredo
554 584 775 627 Ruborum
806 585 922 629 Deo.
954 586 1038 642 (Υ)

312 653 368 696 ΙΙ.
400 653 728 709 Phragmidium
759 657 997 712 proprium.

243 722 345 779 Syn.
378 723 456 765 Ph.
489 739 688 781 asperum
732 725 879 768 Wallr.
1212 782 1215 784 ‚

243 790 314 835 Ad
345 793 460 835 Rubi
491 794 687 836 fruticosi
718 794 820 837 folia
851 795 965 849 viva,
997 793 1212 851 frequens.
1274 796 1506 838 Autumno.
1542 797 1562 820 ²*

134 863 200 904 38.
234 863 545 918 Triphragmium
579 866 774 910 l'lmariae
806 866 999 908 Talasne.

312 932 344 975 I.
378 933 524 975 Uredo
549 936 655 991 ejus,
684 936 886 991 sporidiis
903 936 1114 991 globosis,
1133 935 1341 990 laevibus,
1366 937 1641 991 aurantiaeis‚

242 1016 338 1042 euni
369 1003 527 1046 annulo
559 1005 735 1060 hyalino
779 1012 967 1061 septat03
1012 1005 1179 1047 acervis
1212 1006 1387 1061 sparsis,
1429 1007 1635 1060 minimis,

242 1070 404 1126 liberis,
437 1075 709 1116 aurantiaeis.

315 1141 370 1183 II.
405 1143 757 1200 Triphragmium
789 1146 1025 1201 proprium.

244 1210 345 1266 Syn.
378 1212 450 1255 Tr.
484 1214 707 1257 Ulmariae
738 1215 863 1258 Le'nk.

243 1283 294 1324 In
312 1282 490 1339 Spireae
508 1283 731 1326 Uhnariae
748 1285 862 1327 foliis
880 1286 1005 1340 vivis,
1028 1300 1115 1328 non
1133 1286 1346 1343 frequens,
1365 1286 1600 1328 Autumno,
1622 1285 1643 1308 ²*

133 1351 199 1395 39.
231 1354 418 1399 Puccinia
448 1356 639 1408 graminis
673 1355 866 1398 Talasne.

315 1423 348 1464 Ι.
381 1424 527 1467 Uredo
560 1425 666 1481 ejus.

247 1492 351 1549 Syn.
384 1494 436 1535 U.
469 1493 646 1537 linearis
679 1494 795 1537 Pers.

316 1563 373 1604 ΙΙ.
407 1564 616 1606 Pueeinia
646 1566 835 1622 propria.

248 1631 351 1689 Syn.
384 1634 431 1678 P.
464 1636 672 1690 graminis
703 1636 819 1678 Pers.

244 1702 315 1745 Ad
357 1704 510 1747 Tritici
558 1708 748 1762 repentis
781 1714 820 1749 et
849 1706 1039 1763 vulgaris
1074 1713 1114 1749 et
1153 1707 1389 1763 Alopecuri
1430 1708 1644 1764 pratensis

243 1775 426 1831 vaginas
490 1777 611 1818 vivas
659 1782 699 1818 et
754 1777 912 1830 aridas,
961 1778 1176 1833 frequens,
1257 1777 1290 1818 Ι.
1339 1777 1527 1821 Aestate.
1586 1778 1642 1820 ΙΙ.

248 1845 417 1888 Hieme.
450 1846 471 1869 ’5

133 1913 202 1957 40.
236 1917 420 1961 Puecinia
451 1918 723 1963 arundinacea
756 1917 952 1960 salcisno.

318 1986 350 2027 I.
383 1986 529 2029 Uredo
564 1989 668 2044 ejus.

247 2054 348 2111 Syn.
383 2056 436 2098 U.
470 2057 763 2099 arundinaeea
794 2058 941 2099 Nouel.

317 2125 373 2167 ΙΙ.
406 2126 614 2169 Pueeinia
645 2127 833 2184 propria.

246 2196 350 2252 Syn.
382 2196 429 2237 P.
464 2199 758 2240 arundinaeea
789 2198 934 2240 Hedw.

244 2265 315 2307 Ad
346 2266 610 2321 Phragmitis
628 2269 867 2309 eommunis
886 2269 1068 2324 vaginas
1094 2268 1280 2324 foliaque
1297 2269 1398 2310 viva
1430 2276 1471 2310 et
1502 2269 1639 2321 arida,

246 2334 601 2391 frequentissime.
664 2338 696 2378 I.
731 2337 962 2380 Autumno.
996 2340 1052 2380 II.
1088 2339 1254 2381 Hieme.

137 2404 204 2448 41.
236 2406 421 2450 Puecinia
452 2409 667 2452 straminis

319 2475 352 2515 Ι.
384 2476 531 2518 Uredo
564 2479 667 2533 ejus.

252 2542 353 2599 Syn.
386 2544 534 2588 Uredo
566 2547 860 2604 Rubigo-vera
890 2549 1005 2593 DeC.

249 2613 319 2655 Ad
367 2621 558 2670 segetum
605 2617 706 2661 folia
752 2625 794 2661 et
849 2621 1031 2674 vaginas
1075 2619 1224 2671 vivaS,
1282 2618 1641 2674 frequentissime.

248 2682 434 2727 Aestate.
468 2683 489 2706 ²⁴
