1950 3068
859 177 910 219 13

256 317 359 373 Syn.
390 317 437 359 P.
470 315 817 372 Compositarum
846 315 956 358 Sclel.

257 386 329 428 Ad
381 386 651 429 centaureae
701 386 864 428 Jaeeae
932 390 973 427 et
1024 384 1357 442 Chrysanthemi
1410 385 1654 441 corymbosi

257 455 359 498 folia
389 457 502 511 viva⁷
533 471 621 497 non
652 471 763 497 raro.
798 455 819 478 ³
851 502 854 503 ⁷

152 527 221 570 57.
252 527 438 572 Puccinia
469 527 730 571 Chondrillae.

324 596 357 637 I.
390 595 535 638 Uredo
569 596 675 652 ejus.

256 665 357 722 Syn.
386 666 532 710 Uredo
564 665 886 708 flosculosorum
917 667 1014 708 Alb.
1047 671 1084 709 et
1115 667 1246 709 Seleu).

257 736 328 778 Ad
374 735 653 778 Chondrillae
705 737 893 792 junceae
946 742 986 779 et
1027 737 1246 778 Taraxaoi
1288 734 1513 777 officinalis
1556 735 1657 777 solia

257 805 500 862 caulesque,
532 821 618 848 non
650 821 763 849 rare.
827 807 1017 850 Aestate.
1050 806 1071 830 ³

327 876 382 920 II.
414 876 623 918 Puceinia
654 877 842 933 propria.

257 947 359 1002 Syn.
393 947 440 988 P.
475 945 754 989 Chondrillae
790 945 940 989 Corda.

262 1016 332 1058 Ad
363 1016 580 1058 Lactucae
612 1014 790 1058 muralis
823 1015 927 1058 solia
958 1016 1075 1069 viva,
1107 1029 1219 1058 raro.
1283 1016 1358 1060 Ca.
1391 1015 1543 1058 Loreh.
1578 1015 1599 1039 ³²

148 1086 217 1129 58.
250 1087 436 1132 Puccinia
466 1088 690 1142 Lapsanae.

330 1157 364 1199 I.
396 1156 541 1199 Uredo
585 1157 697 1212 ejus,
740 1157 944 1213 sporidiis
976 1156 1187 1210 minimis,
1229 1156 1435 1212 globosis,
1479 1155 1657 1210 scabris,

260 1226 398 1269 flavis.
459 1227 554 1282 Fig.
590 1226 628 1267 6.

332 1296 387 1338 II.
420 1297 630 1338 Puceinia
671 1297 868 1353 propria,
911 1296 1110 1354 sporidiis
1161 1298 1404 1339 rotundatis
1455 1298 1658 1352 ovatisve‚

259 1366 446 1421 obtusis,
478 1365 650 1423 oblique
682 1365 873 1409 breviter
914 1366 1201 1423 pedicellatis‚
1243 1368 1461 1422 laevibus,
1504 1367 1659 1422 fuscis3

257 1438 424 1480 acervis
465 1437 624 1493 parvis,
654 1436 810 1494 planiS,
842 1438 958 1492 atris,
989 1436 1149 1479 liberis.
1210 1438 1303 1494 Fig.
1341 1439 1377 1480 7.

257 1508 290 1549 I.
325 1513 365 1549 et
396 1507 441 1549 II
472 1508 528 1550 ad
560 1508 789 1564 Lapsanae
837 1509 1076 1550 communis
1117 1506 1221 1551 folia
1259 1508 1371 1563 viva,
1403 1523 1515 1551 raro,
1583 1508 1658 1551 Ca.

263 1576 464 1619 Oestrieh
495 1578 541 1620 in
573 1577 705 1634 sylvis
737 1577 965 1621 umbrosis.
998 1578 1020 1602 ³²

149 1647 217 1689 59.
248 1648 436 1692 Puccinia
466 1649 671 1702 obtegens.

330 1718 363 1761 I.
394 1718 542 1760 Uredo
575 1720 680 1775 ejus.

262 1788 366 1845 Syn.
397 1788 544 1831 Uredo
578 1789 834 1832 suaveolens
868 1789 984 1832 Pers.

262 1859 332 1901 Ad
365 1858 495 1901 Cirsii
528 1860 722 1902 arvensis
755 1859 859 1900 folia
884 1859 1090 1916 junioria‚
1124 1860 1338 1916 frequens.
1403 1860 1529 1902 Vere.
1564 1859 1585 1882 ³

260 1930 574 1985 Spermagonia
605 1930 971 1985 numerosissima,
1004 1945 1151 1986 parva,
1186 1931 1383 1985 obovata‚
1416 1929 1540 1973 flava.
1573 1930 1594 1954 '³

151 1998 218 2041 GO.
251 2000 437 2045 Puccinia
467 2001 692 2055 Aegopodii.

330 2070 386 2111 ΙΙ.
419 2070 629 2111 Puocinia
659 2072 848 2127 propria.

262 2139 364 2196 Syn.
395 2140 444 2182 P.
476 2139 643 2197 Aegop.
676 2128 801 2183 Lffzlc.

262 2211 333 2253 Ad.
365 2211 558 2267 ejusdem
591 2210 694 2252 folia
724 2212 837 2265 viva,
868 2226 953 2254 non
986 2212 1200 2268 frequens.
1264 2214 1392 2256 Vere.
1428 2212 1449 2234 ³

151 2280 218 2322 61.
251 2281 437 2326 Puccinia
467 2281 817 2326 unhelliserarum.

330 2352 364 2394 Ι.
396 2350 542 2394 Uredo
576 2353 682 2408 ejus.

265 2421 369 2478 Syn.
401 2421 456 2464 U.
488 2420 712 2463 muricella
755 2422 903 2466 W'allr.

262 2490 335 2533 Ad
363 2490 608 2533 Peucedani
641 2491 896 2548 Oreoselini,
940 2493 1047 2536 Silai
1091 2499 1131 2535 et
1163 2494 1289 2535 conii
1320 2492 1523 2536 maculati
1558 2493 1659 2536 folia

265 2561 379 2613 viva,
412 2575 522 2602 raro.
587 2560 661 2603 Ca.
696 2563 977 2606 Budenheim.

334 2630 391 2673 II.
422 2630 634 2673 Puecinia
663 2634 851 2689 propria.

265 2699 368 2757 Syn.
399 2700 447 2743 P.
478 2699 862 2746 Umbelliferarum
891 2703 1006 2749 DCC.
