1950 3068
844 221 894 264 91

134 362 234 409 785.
265 365 482 411 Aseobolus
513 365 733 419 papillatus
776 362 996 406 Wallroth.

242 433 313 476 Ad
351 434 498 475 fimum
542 434 743 489 equinum
787 438 826 474 et
866 431 1106 485 vaccinum,
1137 446 1224 473 non
1263 430 1475 486 frequens.
1538 428 1629 471 Au-

241 509 399 545 tumno.
433 502 454 526 *⁶

132 573 225 617 786.
255 574 475 619 Ascolmlus
507 575 648 628 glaber
678 571 794 615 Pers.

241 642 313 685 Ad
351 643 572 685 hominum
600 642 762 696 fimum,
802 656 913 684 raro.
966 640 1198 683 Autumno.
1229 641 1282 683 In
1322 639 1530 682 montosis
1571 652 1635 680 ea.

241 712 569 767 Georgenborn.

133 782 227 824 787.
259 784 453 836 Balgatia
490 785 697 829 sareoides
727 783 866 825 Fries.

238 852 309 894 Ad
340 858 513 894 truncos
543 852 759 894 betulinos
792 852 1000 908 putridos,
1032 852 1246 909 frequens,
1294 855 1524 893 Autumno.
1572 849 1594 874 ⁸⁸

133 921 226 964 788.
256 923 453 977 Bulgaria
483 926 703 978 inquinans
735 924 875 967 Fries.

238 991 310 1033 Ad
339 999 512 1034 truncos
545 995 774 1050 quercinos
808 1000 848 1036 et
879 993 1087 1050 fagineOS‚
1112 993 1328 1050 frequens,
1346 990 1578 1033 Autumno.

139 1062 230 1104 789.
264 1064 403 1108 Leotia
433 1065 589 1109 lubrica
619 1064 781 1117 Scopol.

240 1133 291 1174 In
323 1133 456 1189 sylvis
489 1134 702 1176 frondosis
734 1134 940 1188 humidis,
973 1132 1185 1189 frequens.
1218 1130 1453 1173 Autumno.
1500 1129 1522 1153 ²*

138 1202 234 1245 790.
268 1203 432 1248 Selenia
463 1205 662 1249 ‹lc-macta
693 1205 936 1259 Hoffmann.

241 1271 311 1313 Ad
353 1272 518 1329 lignum
571 1274 796 1316 saliCinum
837 1273 1080 1330 putridum,
1132 1271 1360 1315 rarissime.
1403 1269 1634 1313 Autumno.

241 1342 648 1386 Reiehartshausen.
685 1346 706 1369 '⁴‘

112 1412 227 1455 -791.
261 1415 410 1458 Orbilia
441 1416 662 1460 coccinella
695 1416 821 1458 Fries
853 1414 1015 1457 Summ.
1051 1428 1144 1469 veg.

240 1482 311 1524 Ad
333 1483 498 1538 lignum
524 1484 747 1525 salicinum
772 1484 1004 1540 putridum,
1022 1497 1134 1524 raro.
1156 1482 1387 1524 Autumno.
1423 1480 1632 1524 Oestrich.

135 1552 228 1594 792-
263 1555 459 1599 Helotillm
491 1556 730 1610 epiphyllllm
765 1555 891 1597 Fries
922 1554 1083 1597 Summ.
1116 1569 1211 1609 veg.

245 1623 349 1679 Syn.
383 1624 542 1666 Peziza
573 1639 638 1680 ep.
670 1625 789 1666 Pers.

242 1692 313 1735 Ad
354 1694 462 1751 Fagi
503 1701 544 1736 et
574 1694 803 1750 Juglandis
836 1693 938 1736 folia
970 1694 1150 1752 dejecta,
1181 1708 1267 1736 non
1298 1693 1512 1750 frequens.
1546 1691 1635 1734 Au-

240 1769 401 1806 tumno.
440 1763 462 1788 '⁵‘

137 1831 229 1874 793-
264 1835 460 1880 Helotium
494 1836 699 1889 fagineum
729 1835 854 1878 Fries
887 1836 1049 1879 Summ.
1081 1849 1175 1890 veg.

247 1904 350 1960 Syn.
384 1905 541 1947 Peziza
572 1906 598 1947 f.
632 1906 749 1948 Pers.

242 1973 314 2017 Ad
350 1975 462 2030 Fagi
500 1977 743 2032 pericarpia
784 1975 974 2031 putrida,
1014 1989 1100 2017 non
1142 1975 1356 2031 frequens.
1400 1973 1634 2016 Autumno.

246 2045 297 2086 In
329 2052 472 2088 monte
502 2046 662 2102 Zange.
693 2045 715 2068 ²⁶²

137 2113 229 2155 794.
266 2117 460 2161 Helotlum
494 2118 706 2161 herbarum
739 2116 864 2158 Fries
896 2115 1057 2158 Summ.
1091 2131 1186 2172 veg.

240 2184 343 2240 Syn.
377 2186 535 2227 Peziza
566 2186 608 2227 h.
642 2186 760 2228 Pers.

240 2253 312 2295 Ad
342 2254 572 2298 herbarum
604 2257 817 2312 majorum
850 2255 993 2297 caules
1023 2256 1232 2312 putridos,
1266 2256 1307 2296 in
1338 2255 1519 2297 dumetis
1545 2269 1635 2295 um-

241 2324 392 2380 brosis,
425 2326 639 2383 frequens.
671 2324 902 2367 Autumno.
935 2325 957 2349 *

1612 989 1635 1014 ὴ

54 2409 58 2412 ·
135 2392 227 2435 795.
262 2396 462 2441 lle-,lotium
494 2397 732 2441 lenticulam
761 2396 885 2439 Fries
916 2396 1078 2438 Summ.
1111 2410 1208 2451 veg.

240 2465 343 2521 Syn.
376 2466 535 2507 Peziza
567 2466 592 2508 l.
623 2466 742 2508 Ball.

238 2533 310 2577 Ad
342 2535 453 2591 Fagi
484 2535 669 2578 ramulos
699 2535 892 2592 putridos
926 2535 1039 2577 foliis
1072 2542 1229 2589 tectos,
1271 2551 1354 2578 non
1388 2550 1499 2579 raro.
1549 2534 1636 2577 Au-

242 2611 402 2647 tumno.
435 2604 456 2628 *

131 2674 226 2718 796.
260 2676 457 2721 flelotlum
490 2677 674 2721 citrinum
711 2676 835 2720 Fries
867 2676 1028 2719 Summ.
1062 2690 1156 2731 veg.

243 2745 350 2802 Syn.
382 2745 541 2788 Peziza
574 2759 609 2791 e.
645 2745 820 2789 Batsch.
