1950 3068
828 179 855 220 3

214 319 268 361 In
298 317 510 360 Thalictri
539 317 719 359 minoris
749 316 877 370 foliis,
907 329 1020 357 raro.
1073 313 1149 356 Ca.
1170 311 1609 355 Freien-Weinheim.

213 387 404 431 Aestate.

106 457 172 501 10.
203 457 402 502 Aecidium
432 456 634 501 Falcariae
666 456 734 498 De
769 455 978 498 Candolle.

214 527 266 568 In
297 525 523 567 Faleariae
556 525 701 567 Rivini
731 525 846 567 foliis
875 523 1142 567 radicalibus
1176 525 1393 579 frequens.
1430 521 1560 564 Vere.

109 598 226 640 11.a.
261 596 458 640 Aecidium
491 596 804 650 compositarum
834 595 1038 638 Martius.

292 666 329 706 1.
361 666 543 706 Forma:
574 665 806 708 Taraxaci.

215 736 267 778 In
285 735 502 776 Taraxaei
535 734 763 777 officinalis
781 735 908 789 foliis7
936 749 1049 776 raro,
1093 734 1223 776 Vere.
1259 732 1336 775 Ca.
1359 730 1573 775 Oestrieh.

109 807 175 848 11.
194 807 235 849 b.
269 806 467 850 Aecidium
499 807 811 860 compositarum
843 805 1046 848 Martius.

288 876 327 917 2.
361 875 548 917 Forma:
579 873 885 930 Tussilaginis.

215 946 268 988 In
299 945 589 1001 Tussilaginis
621 945 828 988 Farfarae
859 944 985 999 foliis,
1018 945 1233 1000 frequens.
1295 941 1485 984 Aestate.
1520 941 1542 964 ²

1589 519 1611 543 ,ᾇ

1592 729 1614 753 δί’.

113 1034 179 1075 12.
213 1034 411 1078 Aecidium
443 1034 783 1078 Ciclloriacearum
814 1033 882 1076 De
917 1032 1125 1076 Ccmdolle.

218 1104 271 1146 In
301 1104 633 1160 Tragopogonis
664 1103 878 1159 pratensis
908 1102 1035 1157 foliis,
1067 1115 1178 1143 raro,
1242 1100 1319 1144 Ca.
1349 1098 1562 1142 Oestrich.
1595 1097 1618 1121 ²³*

117 1193 184 1234 13.
218 1193 419 1236 Aecidium
450 1191 674 1246 Asperisolii
704 1190 902 1232 Persoon.

223 1262 275 1303 In
306 1261 538 1303 Anchusae
572 1268 612 1302 et
641 1260 900 1317 Lycopsidis
932 1259 1076 1313 foliis,
1110 1259 1324 1315 frequens.
1373 1256 1563 1299 Aestate.

119 1349 187 1391 14.
207 1363 244 1390 a.
277 1349 475 1393 Aecidium
508 1349 736 1402 elongatum
767 1348 894 1390 Linlc.

295 1420 333 1460 1.
364 1419 547 1460 Forma:
578 1419 779 1461 Rhamni.

223 1488 295 1531 Ad
324 1488 512 1530 Rhamni
542 1489 791 1545 Frangulae
824 1496 866 1531 et
898 1489 1161 1531 catharticae
1192 1487 1309 1540 folia,
1351 1486 1525 1543 petiola,
1556 1501 1623 1528 ra·

223 1557 461 1614 mulosque,
493 1558 709 1615 frequens.
772 1561 963 1602 Aestate.

118 1644 185 1686 14.
206 1643 248 1686 b.
279 1645 480 1690 Aecidium
512 1649 745 1700 elongatum
776 1648 901 1690 Link.

296 1716 335 1757 2.
368 1715 547 1758 Forma:
579 1717 843 1760 Berberidis.

226 1785 297 1829 Ad
315 1784 512 1842 ejusdem
529 1786 633 1828 folia
662 1802 960 1844 raeemosque,
992 1785 1358 1842 frequentissime.
1389 1785 1582 1828 Aestate.

121 1873 187 1916 15.
222 1888 259 1915 a.
292 1875 491 1919 Aecidium
521 1877 870 1928 Leguminosarum
900 1874 1176 1918 Rabenleorsz‘.

302 1945 339 1986 1.
372 1944 553 1986 Forma:
585 1945 768 1986 Trifolii.

234 2014 286 2056 In
317 2013 488 2056 Trisolii
519 2015 709 2071 repentis
740 2014 855 2056 foliis
886 2015 1152 2072 petiolisque,
1184 2030 1295 2058 raro.
1329 2014 1520 2057 Aestate.

117 2100 184 2143 15.
203 2101 244 2145 b.
277 2101 476 2146 Aecidium
507 2103 857 2156 Leguminosarum
889 2102 1167 2146 Rubenhorst.

301 2172 339 2215 2.
370 2172 554 2215 Forma:
587 2171 725 2214 Orobi
755 2173 962 2218 tuberosi.

227 2242 279 2284 In
298 2242 492 2300 ejusdem
510 2241 638 2296 foliis,
672 2257 785 2285 raro.
803 2243 994 2286 Aestate.
1037 2242 1265 2285 Saucrthal
1282 2257 1416 2299 prope
1434 2241 1590 2284 Lorch.

118 2330 183 2373 16.
215 2330 414 2375 Aecidium
444 2331 686 2375 rubellatum
716 2331 995 2378 Rccbenleorst.

298 2399 334 2440 1.
366 2399 548 2442 Forma:
578 2400 790 2457 Polygoni
822 2402 1067 2445 avicularis.

227 2469 279 2511 In
311 2470 506 2525 ejusdem
536 2470 664 2524 foliis,
695 2486 808 2514 raro.
854 2471 1045 2515 Aestate.
1093 2470 1305 2513 Oestrieh.

126 2557 193 2598 17.
224 2555 425 2602 Aecidium
455 2557 701 2611 Euphorbiae
733 2559 930 2602 Persoon.

231 2627 285 2669 In
316 2625 598 2682 Euphorbiae
639 2627 920 2684 Cyparissiae,
960 2635 1002 2671 et
1034 2626 1333 2671 Gerardianae
1373 2624 1502 2681 foliis,
1548 2625 1630 2669 fre-

230 2711 385 2754 quens.
449 2697 579 2739 Vere.
611 2696 634 2720 ‘f

1311 2780 1328 2805 1
1338 2779 1352 2794 .
