1950 3068
849 181 901 223 11

246 325 319 369 Ad
339 324 554 382 Polygoni
582 320 827 376 auricularis,
845 318 1115 374 Convolvuli,
1133 318 1417 372 dumetorum,
1434 317 1648 360 Bistortae

250 402 291 438 et
322 394 533 451 amphibii
565 393 668 436 folia
697 394 813 445 viva,
845 390 1059 446 frequens.
1091 388 1114 413 ²¹²

320 466 378 508 II.
409 465 618 507 Pueeinia
648 463 838 520 propria.

250 536 354 593 Syn.
386 535 434 578 P.
466 533 788 591 Polygonorum
819 530 930 575 Scltl.

249 606 321 649 Ad
352 605 566 662 Polygoni
597 601 809 646 amnhibii
839 600 943 643 folia
973 599 1088 654 viva,
1119 613 1231 642 raro.
1295 599 1484 641 Aestate.
1518 596 1539 620 ⁴²

143 677 212 719 47.
243 676 429 721 Puceinia
460 674 723 720 Gleehomatis
755 671 949 714 Tulccsne.

321 746 378 787 II.
409 744 619 786 Puceinia
649 741 838 799 propria.

251 816 354 872 syn.
387 815 434 857 P.
469 813 535 856 ol.
567 813 685 857 Des).

252 885 324 927 Ad
355 884 549 941 ejusdem
580 883 682 926 folia
713 883 828 936 viva,
858 880 1074 938 frequens.
1135 880 1370 923 Autumno.

144 975 213 1018 48.
246 973 433 1018 Puceinia
462 973 674 1017 Betonicae
705 970 899 1012 Putasne.

325 1043 382 1084 Π.
416 1042 626 1084 Pueeinia
656 1040 846 1096 propria.

254 1114 357 1170 Syn.
388 1113 435 1155 P.
467 1112 559 1153 Bet.
590 1110 706 1155 Deo.

254 1183 325 1225 Ad
357 1181 553 1239 ejusdem
583 1179 688 1222 folia
718 1179 832 1234 viva,
863 1193 974 1222 raro.
1035 1178 1226 1222 Aestate.

149 1270 216 1313 49.
250 1270 437 1316 Puccinia
469 1269 730 1314 Scorodoniae
763 1267 957 1310 Tulasoze.

328 1340 385 1381 II.
417 1337 628 1380 Pueeinia
659 1338 848 1393 propria.

258 1410 348 1467 Syn
379 1410 427 1451 P.
462 1408 641 1451 Seorocl.
674 1407 800 1450 Linlc.

255 1479 327 1522 Ad
368 1479 544 1522 Teucrii
583 1477 877 1521 Seorodoniae
917 1476 1019 1519 folia
1060 1476 1183 1530 viva,
1237 1490 1349 1518 raro.
1423 1475 1658 1517 Autumno.

261 1551 314 1592 In
346 1556 489 1592 monte
522 1548 716 1604 Oelberg
746 1563 882 1605 prope
916 1547 1130 1592 Oestrieh.
1164 1546 1185 1570 ³²

148 1638 216 1681 50.
251 1638 439 1684 Puccinia
469 1638 657 1682 Menthae
688 1637 885 1680 Putasne.

326 1708 359 1750 I.
392 1707 540 1750 Uredo
572 1709 677 1763 ejus.

259 1778 363 1835 Syn.
395 1777 543 1821 Uredo
576 1778 779 1822 Menthae
811 1777 928 1821 Pers.

258 1850 311 1891 In
351 1848 555 1891 Menthae
604 1848 799 1891 arvensis
852 1853 893 1889 et
945 1846 1169 1905 sylvestris
1222 1846 1338 1888 foliis
1392 1846 1531 1900 vivis,
1573 1860 1661 1888 non

258 1919 475 1975 frequenS.
537 1919 767 1961 Autumno.
800 1917 821 1941 '‘³'‘

330 1990 386 2031 Π.
419 1988 628 2030 Pueeinia
658 1988 849 2044 propria.

260 2058 362 2115 Syn.
404 2059 450 2100 P.
495 2057 699 2100 Menthae
730 2058 847 2100 Pers.

255 2129 307 2171 In
348 2127 550 2170 Menthae
598 2127 819 2183 sylvestris
873 2134 915 2171 et
967 2129 1194 2184 aquaticae
1237 2127 1350 2170 foliis
1394 2128 1534 2182 vivis,
1582 2125 1661 2168 fre-

263 2213 408 2254 quens.
441 2198 673 2241 Autumno,
706 2198 727 2221 ‘³

153 2286 221 2329 51.
255 2286 442 2332 Puccinia
472 2286 634 2340 Epilobii
667 2286 859 2330 Tala-5226.

330 2355 364 2397 I.
396 2356 544 2398 Uredo
581 2357 685 2412 ejus.

264 2425 366 2482 Syn.
399 2426 546 2468 Uredo
579 2424 772 2482 Epilobii
801 2425 917 2470 DCC.

335 2495 392 2536 Π.
424 2496 634 2538 Pueeinia
664 2497 856 2552 propria.

265 2563 370 2620 Syn.
402 2563 450 2605 P.
482 2564 676 2620 Epilobii
706 2564 822 2608 Deo.

261 2633 312 2674 In
344 2632 536 2689 Epilobii
573 2633 726 2676 hirsuti
758 2641 801 2676 et
831 2634 1026 2677 montani
1057 2633 1170 2677 foliis
1201 2635 1340 2689 vivis,
1382 2649 1494 2677 raro,
1572 2635 1658 2677 Au-

261 2707 423 2746 tumno.
486 2703 559 2746 Oa.
591 2704 883 2747 Hattenheim.
915 2703 937 2727 '‘V·
