1950 3068
830 171 884 212 29

123 316 218 359 185.
252 315 497 360 Penicillium
528 312 740 357 candidum
771 312 898 354 Isink.

230 385 301 427 Ad
347 383 555 440 Agaricos
596 381 812 437 putridOS,
861 395 972 422 raro.
1046 380 1096 421 In
1144 377 1268 435 sylva
1309 376 1633 420 Hostrichiensi.

232 455 463 496 Autumno.

126 544 220 585 186.
253 543 474 597 nactynum
506 542 707 585 [ernanum
743 537 881 581 Corda
911 538 1046 595 (leon.
1079 536 1112 578 I.
1144 536 1216 590 fig.
1250 535 1367 589 277.)

233 611 304 653 Ad
335 610 521 653 ramulos
553 609 761 651 abietinos
780 608 936 662 aridos,
954 621 1065 649 raro.
1083 605 1315 647 Autumno.
1350 605 1425 648 Ca.
1444 606 1633 662 Kocnig-

239 681 362 725 stein.
397 682 419 705 ²¹⁸

131 769 226 811 187.
260 766 588 822 Nematogonium
620 768 789 821 simplex
819 764 1060 808 Eoum-den.

237 837 308 879 Ad
339 844 495 879 terram
527 836 748 877 humosam
783 835 825 876 in
853 835 984 892 sylvis
1017 833 1242 887 umbrosis,
1274 849 1384 876 raro.
1415 834 1490 877 Ca.
1511 834 1633 876 Hall-

245 913 409 963 garten.
443 906 675 946 Autumno.

134 996 228 1038 188.
262 995 495 1049 Ascophora
524 994 691 1037 Mucedo
724 992 843 1035 Tode.

245 1066 312 1108 Ad
345 1063 529 1107 Melonis
561 1063 723 1104 fructus
754 1062 964 1119 putridos,
996 1062 1211 1117 frequens.
1273 1060 1507 1103 Autumno.
1541 1064 1563 1085 '⁴‘

718 1127 1025 1175 Exoasefis.

245 1203 446 1260 Sporidia
480 1203 524 1243 in
556 1216 654 1244 asco
686 1202 833 1244 libero.
896 1201 999 1243 Asci
1031 1201 1074 1242 in
1106 1201 1253 1258 hypha
1283 1200 1549 1243 brevissima.

138 1275 232 1317 189.
266 1276 464 1319 Exoaseus
495 1274 623 1318 Pruni.
704 1262 708 1266 ⁴

249 1343 458 1401 Sporidiis
497 1342 634 1384 ovatis
666 1340 1049 1397 irregularspusve,
1087 1341 1262 1397 octonis,
1292 1341 1502 1398 hyalinis3
1535 1341 1643 1384 ascis

246 1414 418 1467 erectis,
459 1412 746 1466 subclavatis,
790 1412 973 1465 obtusis3
1015 1411 1171 1468 hyphis
1214 1411 1302 1452 asci
1332 1411 1459 1467 triplo
1502 1411 1642 1452 brevi-

248 1484 406 1537 oribus,
438 1481 757 1537 irregularibus,
790 1481 1050 1536 incrassatis,
1082 1481 1283 1538 hyalinis.
1316 1482 1351 1523 F
1356 1481 1411 1537 ig.
1447 1482 1513 1523 26.

250 1552 576 1610 Epidermidem
618 1552 753 1594 Pruni
808 1552 1067 1594 domesticae
1108 1558 1151 1593 et
1197 1551 1395 1607 spinosae
1428 1552 1644 1593 fructuum

248 1625 571 1666 immatmorum
590 1622 838 1664 densissime
855 1622 1085 1676 obducens,
1104 1621 1457 1678 frequentissime.
1476 1623 1600 1664 Vere.
1622 1622 1644 1646 *

244 1695 427 1737 Fructus
483 1691 698 1734 immaturi
751 1706 828 1747 per
884 1691 999 1732 hunc
1043 1692 1269 1748 fungulum
1301 1692 1640 1733 monstroso-in-

247 1764 446 1819 crassati,
486 1762 615 1819 vulgo
657 1763 847 1815 Narren,
890 1761 1100 1817 Schotcn,
1146 1762 1344 1804 Taschcn
1387 1762 1518 1819 (vide
1556 1762 1642 1804 bot.

251 1835 387 1892 Zeitg.
424 1834 533 1877 1853
565 1848 663 1889 pag.
698 1832 810 1887 816)
843 1833 1131 1875 nominantur.

143 1925 236 1967 190.
269 1924 506 1978 Phyllei-ium
539 1923 738 1966 acerinam
769 1920 906 1963 Fries.
940 1919 991 1976 ³⁸)

252 1995 304 2036 In
336 1994 523 2036 Acerum
554 1992 667 2034 fohis
700 1991 825 2043 vivis,
856 2004 968 2031 rarO.
1031 1990 1265 2032 Autumno.
1299 1989 1322 2012 '⁸

144 2066 239 2108 191.
272 2065 508 2120 Phyllerium
539 2064 725 2107 sorbeam
755 2061 891 2105 Ἐνώς.

248 2135 299 2177 In
333 2133 462 2177 Sorbi
493 2133 755 2188 aucupariae
787 2131 901 2173 foliis
933 2132 1059 2185 vivis,
1091 2131 1307 2187 frequens.
1371 2130 1604 2172 Autumno.
1624 2130 1647 2154 *

148 2225 244 2267 192.
275 2223 514 2278 Phyllerium
546 2223 728 2276 pyrinnm
759 2220 894 2262 Dies.

249 2294 301 2336 In
347 2292 452 2348 Pyri
497 2291 605 2333 Mali
648 2290 868 2347 sylvestris
929 2289 1042 2332 foliis
1088 2289 1225 2343 vivis,
1281 2303 1368 2330 non
1431 2288 1648 2344 frequens.

251 2363 487 2406 Autumno,
521 2360 543 2384 '¹²

149 2433 242 2477 193.
274 2433 511 2489 Phyllerium
542 2433 744 2477 tiliaeeum
776 2431 892 2473 Pers.

253 2503 323 2545 Ad
356 2501 497 2543 'Piliae
529 2502 632 2544 folia
662 2504 777 2556 viva,
808 2502 1024 2559 frequens.
1086 2501 1315 2544 Autumno.
1348 2500 1370 2524 ss

179 2647 222 2691 ⁸)
246 2649 273 2683 A
301 2648 362 2682 No.
389 2647 455 2682 190
490 2654 598 2689 usque
623 2646 666 2680 ad
691 2647 765 2681 Nm.
797 2647 865 2681 200
909 2647 1007 2689 fungi
1032 2647 1101 2681 veri
1132 2655 1201 2681 non
1227 2647 1328 2689 sunt,
1365 2646 1425 2681 sed
1449 2646 1649 2689 plantarum

254 2707 399 2750 aegrota
426 2705 672 2748 excrescentia,
697 2706 813 2740 tamen
838 2705 892 2739 hie
916 2706 1165 2740 memorantur.
