1950 3068
840 189 895 232 15

242 329 314 372 Ad
345 329 480 372 Pruni
512 328 775 373 domesticae
792 335 833 372 et
863 328 1067 371 insititiae
1099 327 1214 369 foliis
1245 327 1369 380 vivis,
1401 342 1487 369 non
1520 343 1633 371 raro.

240 399 468 442 Autumno.
501 398 523 422 ²³

131 469 199 512 65.
232 470 419 515 Paccinia
448 470 771 525 Lychnidearum.

311 540 368 583 II.
399 540 608 581 Puoeinia
638 538 826 595 propria.

241 609 345 666 Syn.
378 610 425 652 P.
458 608 811 665 Lychnidearum
841 609 967 651 Linlc.

240 680 293 721 In
335 679 504 724 Silenes
543 678 717 721 inflatae
757 678 872 720 foliis
912 679 1045 733 vivis,
1077 694 1188 721 raro.
1257 680 1488 724 Autumno.
1561 683 1638 727 Oa.

243 749 458 792 Oestrich.

136 821 205 864 66.
235 821 421 865 Pueeinia
453 820 662 865 Galim-um.

313 891 370 934 ΙΙ.
401 890 610 932 Puocinia
640 889 829 946 propria.

244 961 347 1017 Syn.
380 961 428 1002 P.
463 959 687 1002 Galiorum
718 960 845 1001 Lioffc.

241 1030 312 1073 Ad
345 1029 461 1072 Galii
491 1030 755 1085 Molluginis,
799 1029 996 1086 sylvatioi
1038 1036 1079 1073 et
1119 1032 1211 1074 veri
1251 1032 1356 1075 folia
1395 1034 1637 1092 caulesque,

243 1100 457 1156 frequens,
518 1099 753 1142 Autumno.
788 1099 810 1123 “³‘'

133 1188 200 1231 67.
236 1189 422 1233 Puccinia
452 1189 633 1233 calthae.

314 1259 371 1301 II.
403 1259 610 1300 Pueeinia
641 1259 829 1314 propria.

244 1327 347 1385 Syn.
379 1329 426 1371 P.
461 1328 640 1371 Calthae
671 1328 786 1371 DCC.

242 1399 295 1440 In
327 1398 522 1456 ejusdem
553 1397 664 1442 foliis
697 1398 820 1451 vivis,
853 1413 940 1440 non
972 1414 1082 1444 raro,
1145 1399 1378 1445 Autumno.
1411 1401 1432 1425 ’5

136 1486 205 1529 68.
238 1487 424 1532 Puccinia
453 1488 663 1542 Asparagi.

312 1556 368 1599 H.
401 1557 612 1600 Pueoinia
643 1559 833 1615 propria.

245 1626 349 1683 Syn.
382 1627 429 1669 P.
462 1628 655 1684 Aspargi
685 1628 801 1672 Dec).

246 1697 318 1739 Ad
350 1698 546 1754 ejusdem
578 1697 682 1741 folia
714 1699 956 1758 caulesque,
988 1700 1204 1758 frequens.
1265 1701 1499 1745 Autumno.
1533 1702 1555 1726 '⁵‘

137 1784 204 1826 69.
235 1785 422 1830 Puccinia
452 1788 623 1831 Adoxae.

313 1856 369 1899 ΙΙ.
401 1857 610 1899 Puooinia
642 1859 830 1914 propria.

247 1926 349 1982 Syn.
383 1928 431 1970 P.
464 1927 648 1970 Adoxae
678 1927 793 1970 Deo.

245 1996 317 2039 Ad
371 1997 555 2040 Adoxae
615 1997 971 2041 Mosohatellinao
1029 1998 1132 2041 folia
1192 2000 1486 2057 petiolosque‚
1533 2019 1646 2047 raro.

246 2065 372 2110 Vere.
435 2066 510 2110 Ca.
545 2068 757 2124 Usingen.
790 2067 811 2091 ³⁴

138 2154 204 2197 70.
236 2155 423 2201 Puccinia
454 2159 677 2212 compacta.

319 2225 376 2268 II.
408 2226 620 2269 Puoeinia
649 2227 839 2283 propria.

248 2294 354 2351 Syn.
386 2296 435 2338 P.
468 2303 694 2353 compacta
724 2297 773 2339 (Ze
803 2297 944 2352 Bury.

245 2363 317 2406 Ad.
347 2365 595 2409 Anemones
636 2367 855 2424 sylvestris
897 2368 1000 2410 folia
1030 2369 1153 2424 viva,
1195 2384 1307 2412 raro.
1370 2371 1496 2415 Vere.
1531 2372 1646 2415 Gau-

251 2433 501 2489 algesheim.

140 2503 206 2547 71.
237 2504 424 2553 Puccinia
452 2506 649 2553 violarum
681 2509 874 2552 Tulasne.

318 2576 351 2617 I.
385 2576 531 2618 Uredo
563 2579 668 2634 ejus.

250 2644 353 2702 Syn.
386 2646 535 2689 Uredo
566 2647 792 2691 Violarum
822 2649 937 2694 Deo.

250 2714 302 2757 In
333 2715 488 2759 Violae
519 2715 738 2773 sylvestris
770 2719 884 2763 soliis
915 2721 1041 2777 vivis,
1082 2721 1298 2780 frequens.
1359 2725 1589 2769 Autumno.
1622 2724 1644 2749 '⁴‘
